@BOOK{Torra:book,
  TITLE = {Data privacy: Foundations, new developments and the big data challenge},
  AUTHOR = {Torra, Vicen\c{c}},
  YEAR = {2017}, 
  PUBLISHER = {Springer}
}

@ARTICLE{Primault:2019,
author={V. {Primault} and A. {Boutet} and S. B. {Mokhtar} and L. {Brunie}},
journal={IEEE Communications Surveys Tutorials},
title={The Long Road to Computational Location Privacy: A Survey},
year={2019},
volume={21},
number={3},
pages={2772-2793},
}

@inproceedings{Abul2008,
 author = {Abul, Osman and Bonchi, Francesco and Nanni, Mirco},
 title = {Never Walk Alone: Uncertainty for Anonymity in Moving Objects Databases},
 booktitle = {Proceedings of the 2008 IEEE 24th International Conference on Data Engineering},
 series = {ICDE '08},
 year = {2008},
 isbn = {978-1-4244-1836-7},
 pages = {376--385},
} 

@inproceedings{Agrawal:1995,
 author = {Agrawal, Rakesh and Srikant, Ramakrishnan},
 title = {Mining Sequential Patterns},
 booktitle = {Proceedings of the Eleventh International Conference on Data Engineering},
 series = {ICDE '95},
 year = {1995},
 isbn = {0-8186-6910-1},
 pages = {3--14},
}

@article{Beresford2003,
 author = {Beresford, Alastair R. and Stajano, Frank},
 title = {Location Privacy in Pervasive Computing},
 journal = {IEEE Pervasive Computing},
 issue_date = {January 2003},
 volume = {2},
 number = {1},
 month = jan,
 year = {2003},
 issn = {1536-1268},
 pages = {46--55},
}

@inproceedings{Beresford04mixzones,
 author = {Beresford, Alastair R. and Stajano, Frank},
 title = {Mix Zones: User Privacy in Location-aware Services},
 booktitle = {In Proc. of the 2nd IEEE Annual Conference on Pervasive Computing and Communications Workshops (PERCOMW04)},
 year = {2004},
 pages = {127--131}
}

@article{Billingsley:1961,
author = "Billingsley, Patrick",
doi = "10.1214/aoms/1177705136",
fjournal = "The Annals of Mathematical Statistics",
journal = "Ann. Math. Statist.",
month = "03",
number = "1",
pages = "12--40",
publisher = "The Institute of Mathematical Statistics",
title = "Statistical Methods in Markov Chains",
volume = "32",
year = "1961"
}

@ARTICLE{Calabrese2011,
author={F. Calabrese and M. Colonna and P. Lovisolo and D. Parata and C. Ratti},
journal={IEEE Transactions on Intelligent Transportation Systems},
title={Real-Time Urban Monitoring Using Cell Phones: A Case Study in Rome},
year={2011},
volume={12},
number={1},
pages={141-151},
ISSN={1524-9050},
}

@InProceedings{Chatzik:2013,
author="Chatzikokolakis, Konstantinos
and Andr{\'e}s, Miguel E.
and Bordenabe, Nicol{\'a}s Emilio
and Palamidessi, Catuscia",
title="Broadening the Scope of Differential Privacy Using Metrics",
booktitle="Privacy Enhancing Technologies",
year="2013",
pages="82--102",
isbn="978-3-642-39077-7"
}

@inproceedings{Chen:2012,
 author = {Chen, Rui and Fung, Benjamin C.M. and Desai, Bipin C. and Sossou, N{\'e}riah M.},
 title = {Differentially Private Transit Data Publication: A Case Study on the Montreal Transportation System},
 booktitle = {Proceedings of the 18th ACM SIGKDD International Conference on Knowledge Discovery and Data Mining},
 series = {KDD '12},
 year = {2012},
 isbn = {978-1-4503-1462-6},
 location = {Beijing, China},
 pages = {213--221},
} 

@inproceedings{Cho2011,
 author = {Cho, Eunjoon and Myers, Seth A. and Leskovec, Jure},
 title = {Friendship and Mobility: User Movement in Location-based Social Networks},
 booktitle = {Proceedings of the 17th ACM SIGKDD International Conference on Knowledge Discovery and Data Mining},
 series = {KDD '11},
 year = {2011},
 isbn = {978-1-4503-0813-7},
 location = {San Diego, California, USA},
 pages = {1082--1090},
} 

@inproceedings{Damiani:2009,
 author = {Damiani, Maria Luisa and Bertino, Elisa and Silvestri, Claudio},
 title = {Protecting Location Privacy Against Spatial Inferences: The PROBE Approach},
 booktitle = {Proceedings of the 2Nd SIGSPATIAL ACM GIS 2009 International Workshop on Security and Privacy in GIS and LBS},
 series = {SPRINGL '09},
 year = {2009},
 isbn = {978-1-60558-853-7},
 location = {Seattle, Washington},
 pages = {32--41},
 numpages = {10},
}

@TechReport{Danezis15,
author="George Danezis and Josep Domingo-Ferrer and Marit Hansen and Jaap-Henk Hoepman and Daniel Le M\'etayer and Rodica Tirtea and Stefan Schiffner",
title="Privacy and Data Protection by Design - from policy to engineering",
institution="ENISA",
year="2015"
}

@InProceedings{Dwork:2006,
author="Dwork, Cynthia
and McSherry, Frank
and Nissim, Kobbi
and Smith, Adam",
title="Calibrating Noise to Sensitivity in Private Data Analysis",
booktitle="Theory of Cryptography",
year="2006",
pages="265--284",
isbn="978-3-540-32732-5"
}

@article{Fiore:2019,
  author    = {Marco Fiore and
               Panagiota Katsikouli and
               Elli Zavou and
               Mathieu Cunche and
               Fran{\c{c}}oise Fessant and
               Dominique Le Hello and
               Ulrich Matchi Aivodji and
               Baptiste Olivier and
               Tony Quertier and
               Razvan Stanica},
  title     = {Privacy of trajectory micro-data : a survey},
  journal   = {CoRR},
  volume    = {abs/1903.12211},
  year      = {2019},
}

@Article{Ghinita:2011,
author="Ghinita, Gabriel
and Kalnis, Panos
and Kantarcioglu, Murat
and Bertino, Elisa",
title="Approximate and exact hybrid algorithms for private nearest-neighbor queries with database protection",
journal="GeoInformatica",
year="2011",
month="Oct",
day="01",
volume="15",
number="4",
pages="699--726",
issn="1573-7624",
}



@article{Giannotti2012,
author="Giannotti, F.
and Pedreschi, D.
and Pentland, A.
and Lukowicz, P.
and Kossmann, D.
and Crowley, J.
and Helbing, D.",
title="A planetary nervous system for social mining and collective awareness",
journal="The European Physical Journal Special Topics",
year="2012",
month="Nov",
day="01",
volume="214",
number="1",
pages="49--75",
issn="1951-6401",
}


@Phdthesis{Gidofalvi2007,
 author = "Gid\'ofalvi, Gy\H{o}z\H{o}",
 advisor = "Bach Pedersen, Torberg",
 title = "Spatio-Temporal Data Mining for Location-Based Services",
 year = "2007",
 note = "",
 school = "Faculties of Engineering, Science and Medicine Aalborg University",
 address = "Denmark",
 }

 @inproceedings{Golle:2009,
 author = {Golle, Philippe and Partridge, Kurt},
 title = {On the Anonymity of Home/Work Location Pairs},
 booktitle = {Proceedings of the 7th International Conference on Pervasive Computing},
 series = {Pervasive '09},
 year = {2009},
 isbn = {978-3-642-01515-1},
 location = {Nara, Japan},
 pages = {390--397},
} 

@ARTICLE{Hoh06,
author={Baik Hoh and M. Gruteser and Hui Xiong and Ansaf Alrabady},
journal={IEEE Pervasive Computing},
title={Enhancing Security and Privacy in Traffic-Monitoring Systems},
year={2006},
volume={5},
number={4},
pages={38-46},
ISSN={1536-1268},
month={Oct},}

@inproceedings{Hoh2005,
 author = {Hoh, Baik and Gruteser, Marco},
 title = {Protecting Location Privacy Through Path Confusion},
 booktitle = {Proceedings of the First International Conference on Security and Privacy for Emerging Areas in Communications Networks},
 series = {SECURECOMM '05},
 year = {2005},
 isbn = {0-7695-2369-2},
 pages = {194--205},
}


@inproceedings{Jiang:2013,
 author = {Jiang, Kaifeng and Shao, Dongxu and Bressan, St{\'e}phane and Kister, Thomas and Tan, Kian-Lee},
 title = {Publishing Trajectories with Differential Privacy Guarantees},
 booktitle = {Proceedings of the 25th International Conference on Scientific and Statistical Database Management},
 series = {SSDBM},
 year = {2013},
 isbn = {978-1-4503-1921-8},
 location = {Baltimore, Maryland, USA},
 pages = {12:1--12:12},
 articleno = {12},
} 

@inproceedings{Kifer:2011,
 author = {Kifer, Daniel and Machanavajjhala, Ashwin},
 title = {No Free Lunch in Data Privacy},
 booktitle = {Proceedings of the 2011 ACM SIGMOD International Conference on Management of Data},
 series = {SIGMOD '11},
 year = {2011},
 isbn = {978-1-4503-0661-4},
 location = {Athens, Greece},
 pages = {193--204},
} 

@article{demontjoye2013,
  address = {Nature Publishing Group},
  author = {de Montjoye, Yves-Alexandre and Hidalgo, CÃ©sar A and Verleysen, Michel and Blondel, Vincent D},
  journal = {Scientific Reports},
  title = {Unique in the Crowd: The privacy bounds of human mobility},
  volume = 3,
  year = 2013
}

@article{Paulet:2014,
 author = {Paulet, Russell and Kaosar, Md. Golam and Yi, Xun and Bertino, Elisa},
 title = {Privacy-Preserving and Content-Protecting Location Based Queries},
 journal = {IEEE Trans. on Knowl. and Data Eng.},
 issue_date = {May 2014},
 volume = {26},
 number = {5},
 month = may,
 year = {2014},
 issn = {1041-4347},
 pages = {1200--1210},
} 

@conference {Pensa2008,
	title = {Pattern-Preserving k-Anonymization of Sequences and its Application to Mobility Data Mining},
	booktitle = {PiLBA},
	year = {2008},
	author = {Ruggero G. Pensa and Anna Monreale and Fabio Pinelli and Dino Pedreschi}
}

@ARTICLE{Reid79analgorithm,
    author = {Donald B. Reid},
    title = {An Algorithm for Tracking Multiple Targets},
    journal = {IEEE Transactions on Automatic Control},
    year = {1979},
    volume = {24},
    pages = {843--854}
}

@Incollection{Romero-Tris2016,
author="Romero-Tris, Cristina
and Meg{\'i}as, David",
title="User-Centric Privacy-Preserving Collection and Analysis of Trajectory Data",
bookTitle="Data Privacy Management, DPM 2015",
year="2016",
publisher="Springer International Publishing",
address="Cham",
pages="245--253",
isbn="978-3-319-29883-2",
}
 

@article{Romero-Tris:2018,
 author = {Romero-Tris, Cristina and Meg\'{\i}as, David},
 title = {Protecting Privacy in Trajectories with a User-Centric Approach},
 journal = {ACM Trans. Knowl. Discov. Data},
 issue_date = {October 2018},
 volume = {12},
 number = {6},
 month = aug,
 year = {2018},
 issn = {1556-4681},
 pages = {67:1--67:27},
} 
 
 
@article{Salas:2018,
author="Salas, Juli{\'a}n
and Domingo-Ferrer, Josep",
title="Some Basics on Privacy Techniques, Anonymization and their Big Data Challenges",
journal="Mathematics in Computer Science",
year="2018",
month="Sep",
day="01",
volume="12",
number="3",
pages="263--274",
issn="1661-8289",
}


@InProceedings{Salas:2018-b,
author="Salas, Juli{\'a}n
and Torra, Vicen{\c{c}}",
title="A General Algorithm for k-anonymity on Dynamic Databases",
booktitle="Data Privacy Management, Cryptocurrencies and Blockchain Technology",
year="2018",
publisher="Springer International Publishing",
address="Cham",
pages="407--414",
isbn="978-3-030-00305-0"
}

@InProceedings{Salas:2018-c,
author="Salas, Juli{\'a}n
and Meg{\'i}as, David
and Torra, Vicen{\c{c}}",
title="SwapMob: Swapping Trajectories for Mobility Anonymization",
booktitle="Privacy in Statistical Databases",
year="2018",
publisher="Springer International Publishing",
address="Cham",
pages="331--346",
isbn="978-3-319-99771-1"
}

@Article{Salas:2019,
author="Salas, Juli{\'a}n",
title="Sanitizing and measuring privacy of large sparse datasets for recommender systems",
journal="Journal of Ambient Intelligence and Humanized Computing",
year="2019",
month="Jul",
day="13",
issn="1868-5145",
}


@inproceedings{Samarati:1998,
 author = {Samarati, Pierangela and Sweeney, Latanya},
 title = {Generalizing Data to Provide Anonymity when Disclosing Information (Abstract)},
 booktitle = {Proceedings of the Seventeenth ACM SIGACT-SIGMOD-SIGART Symposium on Principles of Database Systems},
 series = {PODS '98},
 year = {1998},
 isbn = {0-89791-996-3},
 location = {Seattle, Washington, USA},
 pages = {188},
} 

@article{scellato2011sociospatial,
  added-at = {2017-02-02T08:43:09.000+0100},
  author = {Scellato, Salvatore and Noulas, Anastasios and Lambiotte, Renaud and Mascolo, Cecilia},
  journal = {ICWSM},
  pages = {329--336},
  title = {Socio-spatial properties of online location-based social networks.},
  volume = 11,
  year = 2011
}

@inproceedings{Serjantov2002,
 author = {Serjantov, Andrei and Danezis, George},
 title = {Towards an Information Theoretic Metric for Anonymity},
 booktitle = {Proceedings of the 2nd International Conference on Privacy Enhancing Technologies},
 series = {PET'02},
 year = {2003},
 isbn = {3-540-00565-X},
 location = {San Francisco, CA, USA},
 pages = {41--53},
} 

@article{Tanimoto1978,
 author = {Tanimoto, Steven L. and Itai, Alon and Rodeh, Michael},
 title = {Some Matching Problems for Bipartite Graphs},
 journal = {J. ACM},
 issue_date = {Oct. 1978},
 volume = {25},
 number = {4},
 month = oct,
 year = {1978},
 issn = {0004-5411},
 pages = {517--525},
} 

@inproceedings{Terrovitis:2008,
 author = {Terrovitis, Manolis and Mamoulis, Nikos},
 title = {Privacy Preservation in the Publication of Trajectories},
 booktitle = {Proceedings of the The Ninth International Conference on Mobile Data Management},
 series = {MDM '08},
 year = {2008},
 isbn = {978-0-7695-3154-0},
 pages = {65--72},
} 

@article{Terrovitis:2011,
 author = {Terrovitis, Manolis},
 title = {Privacy Preservation in the Dissemination of Location Data},
 journal = {SIGKDD Explor. Newsl.},
 issue_date = {June 2011},
 volume = {13},
 number = {1},
 month = aug,
 year = {2011},
 issn = {1931-0145},
 pages = {6--18},
} 

@inproceedings{Xiao:2015,
 author = {Xiao, Yonghui and Xiong, Li},
 title = {Protecting Locations with Differential Privacy Under Temporal Correlations},
 booktitle = {Proceedings of the 22Nd ACM SIGSAC Conference on Computer and Communications Security},
 series = {CCS '15},
 year = {2015},
 isbn = {978-1-4503-3832-5},
 location = {Denver, Colorado, USA},
 pages = {1298--1309},
} 

@inproceedings{Yuan2010,
 author = {Yuan, Jing and Zheng, Yu and Zhang, Chengyang and Xie, Wenlei and Xie, Xing and Sun, Guangzhong and Huang, Yan},
 title = {T-drive: Driving Directions Based on Taxi Trajectories},
 booktitle = {Proceedings of the 18th SIGSPATIAL International Conference on Advances in Geographic Information Systems},
 series = {GIS '10},
 year = {2010},
 isbn = {978-1-4503-0428-3},
 location = {San Jose, California},
 pages = {99--108},
}

@inproceedings{Yuan2011,
 author = {Yuan, Jing and Zheng, Yu and Xie, Xing and Sun, Guangzhong},
 title = {Driving with Knowledge from the Physical World},
 booktitle = {Proceedings of the 17th ACM SIGKDD International Conference on Knowledge Discovery and Data Mining},
 series = {KDD '11},
 year = {2011},
 isbn = {978-1-4503-0813-7},
 location = {San Diego, California, USA},
 pages = {316--324},
} 

@inproceedings{Zang:2011,
 author = {Zang, Hui and Bolot, Jean},
 title = {Anonymization of Location Data Does Not Work: A Large-scale Measurement Study},
 booktitle = {Proceedings of the 17th Annual International Conference on Mobile Computing and Networking},
 series = {MobiCom '11},
 year = {2011},
 isbn = {978-1-4503-0492-4},
 location = {Las Vegas, Nevada, USA},
 pages = {145--156},
} 

@inproceedings{Zheng2009,
 author = {Zheng, Yu and Zhang, Lizhu and Xie, Xing and Ma, Wei-Ying},
 title = {Mining Interesting Locations and Travel Sequences from GPS Trajectories},
 booktitle = {Proceedings of the 18th International Conference on World Wide Web},
 series = {WWW '09},
 year = {2009},
 isbn = {978-1-60558-487-4},
 location = {Madrid, Spain},
 pages = {791--800},
} 

@article{Zhou:2008,
 author = {Zhou, Bin and Pei, Jian and Luk, WoShun},
 title = {A Brief Survey on Anonymization Techniques for Privacy Preserving Publishing of Social Network Data},
 journal = {SIGKDD Explor. Newsl.},
 issue_date = {December 2008},
 volume = {10},
 number = {2},
 month = dec,
 year = {2008},
 issn = {1931-0145},
 pages = {12--22},
} 

@book{Rodrigue2009,
	title = {The geography of transport systems},
	isbn = {1-134-01509-7},
	url = {http://transportgeography.org/},
	publisher = {Routledge},
	author = {Rodrigue, Jean-Paul and Comtois, Claude and Slack, Brian},
	year = {2009},
}

@article{iqbal2014,
  title={Development of origin--destination matrices using mobile phone call data},
  author={Iqbal, Md Shahadat and Choudhury, Charisma F and Wang, Pu and Gonz{\'a}lez, Marta C},
  journal={Transportation Research Part C: Emerging Technologies},
  volume={40},
  pages={63--74},
  year={2014},
  publisher={Elsevier},
}


@article{EVANS1970,
title = "Some properties of trip distribution methods",
journal = "Transportation Research",
volume = "4",
number = "1",
pages = "19 - 36",
year = "1970",
issn = "0041-1647",
author = "A.W. Evans",
}

@article{WILSON1967,
title = "A statistical theory of spatial distribution models",
journal = "Transportation Research",
volume = "1",
number = "3",
pages = "253 - 269",
year = "1967",
issn = "0041-1647",
author = "A.G. Wilson",
}

@article{Cascetta1988,
  title={A unified framework for estimating or updating origin/destination matrices from traffic counts},
  author={Cascetta, Ennio and Nguyen, Sang},
  journal={Transportation Research Part B: Methodological},
  volume={22},
  number={6},
  pages={437--455},
  year={1988},
  publisher={Elsevier},
}

@article{robillard1975,
	title = {Estimating the O-D matrix from observed link volumes},
	volume = {9},
	issn = {0041-1647},
	pages = {123--128},
	number = {2},
	journal = {Transportation Research},
	author = {Robillard, Pierre},
	year = {1975}
}
