@article{gonzalez2008understanding,
  title={Understanding individual human mobility patterns},
  author={Gonzalez, Marta C and Hidalgo, Cesar A and Barabasi, Albert-Laszlo},
  journal={nature},
  volume={453},
  number={7196},
  pages={779--782},
  year={2008},
  publisher={Nature Publishing Group UK London}
}

@masterthesis{dahne2019privacy,
    author =  {Joel Dahne},
    title = {Privacy and Analysis of Trajectories and Co-Trajectories},
    school = {Uppsala University},
    year = {2019}
}


@article{toger2021mobility,
  title={Mobility during the covid-19 pandemic: A data-driven time-geographic analysis of health-induced mobility changes},
  author={Toger, Marina and Kourtit, Karima and Nijkamp, Peter and {\"O}sth, John},
  journal={Sustainability},
  volume={13},
  number={7},
  pages={4027},
  year={2021},
  publisher={MDPI}
}

@article{su2020survey,
  title={A survey of trajectory distance measures and performance evaluation},
  author={Su, Han and Liu, Shuncheng and Zheng, Bolong and Zhou, Xiaofang and Zheng, Kai},
  journal={The VLDB Journal},
  volume={29},
  pages={3--32},
  year={2020},
  publisher={Springer}
}

@book{miao2016fundamentals,
  title={Fundamentals of mobile data networks},
  author={Miao, Guowang and Zander, Jens and Sung, Ki Won and Slimane, Slimane Ben},
  year={2016},
  publisher={Cambridge University Press}
}

@article{broder1997syntactic,
  title={Syntactic clustering of the web},
  author={Broder, Andrei Z and Glassman, Steven C and Manasse, Mark S and Zweig, Geoffrey},
  journal={Computer networks and ISDN systems},
  volume={29},
  number={8-13},
  pages={1157--1166},
  year={1997},
  publisher={Elsevier}
}

@article{moussiades2005pdetect,
  title={PDetect: A clustering approach for detecting plagiarism in source code datasets},
  author={Moussiades, Lefteris and Vakali, Athena},
  journal={The computer journal},
  volume={48},
  number={6},
  pages={651--661},
  year={2005},
  publisher={Oxford University Press}
}

@article{yuan2017automatic,
  title={Automatic skin lesion segmentation using deep fully convolutional networks with jaccard distance},
  author={Yuan, Yading and Chao, Ming and Lo, Yeh-Chi},
  journal={IEEE transactions on medical imaging},
  volume={36},
  number={9},
  pages={1876--1886},
  year={2017},
  publisher={IEEE}
}

@inproceedings{charikar2002similarity,
  title={Similarity estimation techniques from rounding algorithms},
  author={Charikar, Moses S},
  booktitle={Proceedings of the thiry-fourth annual ACM symposium on Theory of computing},
  pages={380--388},
  year={2002}
}

@article{manasse2010consistent,
  title={Consistent weighted sampling},
  author={Manasse, Mark and McSherry, Frank and Talwar, Kunal},
  journal={Unpublished technical report) http://research. microsoft. com/en-us/people/manasse},
  volume={2},
  year={2010}
}

@article{wu2020review,
  title={A review for weighted minhash algorithms},
  author={Wu, Wei and Li, Bin and Chen, Ling and Gao, Junbin and Zhang, Chengqi},
  journal={IEEE Transactions on Knowledge and Data Engineering},
  volume={34},
  number={6},
  pages={2553--2573},
  year={2020},
  publisher={IEEE}
}

@inproceedings{gollapudi2006exploiting,
  title={Exploiting asymmetry in hierarchical topic extraction},
  author={Gollapudi, Sreenivas and Panigrahy, Rina},
  booktitle={Proceedings of the 15th ACM international conference on Information and knowledge management},
  pages={475--482},
  year={2006}
}

@inproceedings{ioffe2010improved,
  title={Improved consistent sampling, weighted minhash and l1 sketching},
  author={Ioffe, Sergey},
  booktitle={2010 IEEE international conference on data mining},
  pages={246--255},
  year={2010},
  organization={IEEE}
}

@inproceedings{li20150,
  title={0-bit consistent weighted sampling},
  author={Li, Ping},
  booktitle={Proceedings of the 21th ACM SIGKDD International conference on knowledge discovery and data mining},
  pages={665--674},
  year={2015}
}

@inproceedings{wu2016canonical,
  title={Canonical consistent weighted sampling for real-value weighted min-hash},
  author={Wu, Wei and Li, Bin and Chen, Ling and Zhang, Chengqi},
  booktitle={2016 IEEE 16th International Conference on Data Mining (ICDM)},
  pages={1287--1292},
  year={2016},
  organization={IEEE}
}

@inproceedings{wu2017consistent,
  title={Consistent weighted sampling made more practical},
  author={Wu, Wei and Li, Bin and Chen, Ling and Zhang, Chengqi},
  booktitle={Proceedings of the 26th international conference on world wide web},
  pages={1035--1043},
  year={2017}
}

@article{wu2018improved,
  title={Improved consistent weighted sampling revisited},
  author={Wu, Wei and Li, Bin and Chen, Ling and Zhang, Chengqi and Philip, S Yu},
  journal={IEEE Transactions on Knowledge and Data Engineering},
  volume={31},
  number={12},
  pages={2332--2345},
  year={2018},
  publisher={IEEE}
}